
@article{verma_unstructured_nodate,
	title = {An {Unstructured} to {Structured} {Data} {Conversion} using {Machine} {Learning} {Algorithm} in {Internet} of {Things} ({IoT})},
	language = {en},
	author = {Verma, Saurav and Jain, Khushboo and Prakash, Dr Chetana},
	annote = {This is a test 

},
	file = {Verma et al. - An Unstructured to Structured Data Conversion usin.pdf:/Users/mypc/Zotero/storage/BDP9K45E/Verma et al. - An Unstructured to Structured Data Conversion usin.pdf:application/pdf},
}

@inproceedings{rusu_converting_2013,
	title = {Converting unstructured and semi-structured data into knowledge},
	isbn = {978-1-4673-6114-9},
	doi = {10.1109/RoEduNet.2013.6511736},
	author = {Rusu, O. and Halcu, Ionela and Grigoriu, O. and Neculoiu, Giorgian and Sandulescu, V. and Marinescu, M. and Marinescu, Viorel},
	month = jan,
	year = {2013},
	pages = {1--4},
	file = {Full Text PDF:/Users/mypc/Zotero/storage/YXJFNEDU/Rusu et al. - 2013 - Converting unstructured and semi-structured data i.pdf:application/pdf},
}

@article{rao_research_2015,
	title = {{RESEARCH} {ARTICLE} {STRUCTURING} {UNSTRUCTURED} {BIG} {DATA}},
	volume = {7},
	language = {en},
	journal = {International Journal of Current Research},
	author = {Rao, Dr Smitha},
	year = {2015},
	file = {Rao - 2015 - RESEARCH ARTICLE STRUCTURING UNSTRUCTURED BIG DATA.pdf:/Users/mypc/Zotero/storage/QJH2FGKY/Rao - 2015 - RESEARCH ARTICLE STRUCTURING UNSTRUCTURED BIG DATA.pdf:application/pdf},
}